@inproceedings{Syverson2015a,
	author = {Paul Syverson and Griffin Boyce},
	title = {Genuine onion: Simple, Fast, Flexible, and Cheap Website Authentication},
	booktitle = {Web 2.0 Security \& Privacy},
	publisher = {\textsc{ieee}},
	year = {2015},
	url = {https://www.ieee-security.org/TC/SPW2015/W2SP/papers/W2SP_2015_submission_27.pdf},
}

@online{firefox-quantum,
	author = {Mozilla},
	title = {Firefox -- Notes (57.0)},
	url = {https://www.mozilla.org/en-US/firefox/57.0/releasenotes/},
	urldate = {2018-02-08},
}

@online{trac21952,
	author = {Linda Lee},
	title = {.Onion everywhere?: increasing the use of onion services through automatic redirects and aliasing},
	url = {https://bugs.torproject.org/21952},
	urldate = {2018-01-31},
}

@online{trac24309,
	author = {Isabela Bagueros},
	title = {Improve how circuits are displayed to the user},
	url = {https://bugs.torproject.org/24309},
	urldate = {2018-01-30},
}

@online{b_root,
	author = {{University of Southern California---Information Sciences Institute}},
	title = {B root traffic for {DITL} 2017},
	year = {2017},
	url = {https://impactcybertrust.org/dataset_view?idDataset=814},
	urldate = {2018-05-26},
}

@inproceedings{Felt2016a,
	author = {Adrienne Porter Felt and Robert W. Reeder and Alex Ainslie and Helen Harris and Max Walker and Christopher Thompson and Mustafa Embre Acer and Elisabeth Morant and Sunny Consolvo},
	title = {Rethinking Connection Security Indicators},
	booktitle = {SOUPS},
	publisher = {\textsc{usenix}},
	year = {2016},
	url = {https://www.usenix.org/system/files/conference/soups2016/soups2016-paper-porter-felt.pdf},
}

@online{Johnson2015a,
	author = {Aaron Johnson},
	title = {A proposal to change hidden service terminology},
	year = {2015},
	month = {2},
	url = {https://lists.torproject.org/pipermail/tor-dev/2015-February/008256.html},
	urldate = {2018-01-26},
}

@online{Nakamoto2008a,
	author = {Satoshi Nakamoto},
	title = {{Bitcoin}: A Peer-to-Peer Electronic Cash System},
	year = {2008},
	url = {https://bitcoin.org/bitcoin.pdf},
	urldate = {2018-01-26},
}

@inproceedings{Matic2015a,
	author = {Srdjan Matic and Platon Kotzias and Juan Caballero},
	title = {\textsc{Caronte}: Detecting Location Leaks for Deanonymizing {Tor} Hidden Services},
	booktitle = {CCS},
	publisher = {\textsc{acm}},
	year = {2015},
	url = {https://software.imdea.org/~juanca/papers/caronte_ccs15.pdf},
}

@online{jap,
	author = {{JAP Team}},
	title = {JAP -- Anonymity \& Privacy},
	url = {https://anon.inf.tu-dresden.de/screenshot_en.html},
	urldate = {2018-01-12},
}

@online{pluggable,
	author = {{The Tor Project}},
	title = {{Tor}: Pluggable Transports},
	url = {https://www.torproject.org/docs/pluggable-transports},
	urldate = {2018-01-11},
}

@online{trac23247,
	author = {Isabela Bagueros},
	title = {Communicating security expectations for .onion: what to say about different padlock states for .onion services},
	url = {https://bugs.torproject.org/23247},
	urldate = {2018-01-09},
}

@online{ahmia,
	author = {Juha Nurmi},
	title = {Ahmia -- Search {Tor} Hidden Services},
	url = {https://ahmia.fi},
	urldate = {2018-01-08},
}

@inproceedings{Sawaya2017a,
	author = {Yukiko Sawaya and Mahmood Sharif and Nicolas Christin and Ayumu Kubota and Akihiro Nakarai and Akira Yamada},
	title = {Self-Confidence Trumps Knowledge: A Cross-Cultural Study of Security Behavior},
	booktitle = {CHI},
	publisher = {\textsc{acm}},
	year = {2017},
	url = {https://users.ece.cmu.edu/~mahmoods/publications/chi17-cross-cultural-study.pdf},
}

@misc{Sai2012a,
	author = {Sai and Alex Fink},
	title = {Mnemonic .onion {URL}s},
	year = {2012},
	month = {2},
	url = {https://gitweb.torproject.org/torspec.git/tree/proposals/194-mnemonic-urls.txt},
	urldate = {2017-05-04},
}

@misc{Kadianakis2017a,
	author = {George Kadianakis},
	title = {Cooking With Onions: Names for your onions},
	year = {2017},
	month = {4},
	url = {https://blog.torproject.org/blog/cooking-onions-names-your-onions},
	urldate = {2017-05-04},
}

@misc{Filasto2011a,
	author = {Arturo Filast{\`o} and Jacob Appelbaum},
	title = {.onion nym system},
	year = {2011},
	month = {12},
	url = {https://gitweb.torproject.org/torspec.git/tree/proposals/ideas/xxx-onion-nyms.txt},
	urldate = {2017-05-04},
}

@misc{Plasmoid2003a,
	author = {Plasmoid},
	title = {Fuzzy Fingerprints: Attacking Vulnerabilities in the Human Brain},
	year = {2003},
	month = {10},
	url = {https://www.thc.org/papers/ffp.pdf},
}

@online{mnemonicode,
	author = {Stephen Paul Weber},
	title = {mnemonicode},
	year = {2017},
	url = {https://github.com/singpolyma/mnemonicode},
	urldate = {2017-04-27},
}

@misc{Loss2009a,
	author = {Dirk Loss and Tobias Limmer and Alexander von Gernler},
	title = {The drunken bishop: An analysis of the {OpenSSH} fingerprint visualization algorithm},
	year = {2009},
	month = {9},
	url = {http://dirk-loss.de/sshvis/drunken_bishop.pdf},
}

@inproceedings{Tan2017a,
	author = {Joshua Tan and Lujo Bauer and Joseph Bonneau and Lorrie Faith Cranor and Jeremy Thomas and Blase Ur},
	title = {Can Unicorns Help Users Compare Crypto Key Fingerprints?},
	booktitle = {CHI},
	publisher = {\textsc{ACM}},
	year = {2017},
	url = {https://www.ece.cmu.edu/~lbauer/papers/2017/chi2017-fingerprints.pdf},
}

@online{Winter2015a,
	author = {Philipp Winter},
	title = {Are vanity onion domains a good idea?},
	year = {2015},
	month = {10},
	url = {https://moderncrypto.org/mail-archive/messaging/2015/001928.html},
	urldate = {2017-12-05},
}

@inproceedings{Kalodner2015a,
	author = {Harry Kalodner and Miles Carlsten and Paul Ellenbogen and Joseph Bonneau and Arvind Narayanan},
	title = {An empirical study of {Namecoin} and lessons for decentralized namespace design},
	booktitle = {WEIS},
	year = {2015},
	url = {http://www.econinfosec.org/archive/weis2015/papers/WEIS_2015_kalodner.pdf},
}

@book{Wrench2012a,
	author = {Jason S. Wrench and Candice Thomas-Maddox and Virginia Peck Richmond and James C. McCroskey},
	title = {Quantitative Research Methods for Communication},
	year = {2012},
	publisher = {Oxford University Press},
}

@book{Bradburn2004a,
	author = {Norman Bradburn and Seymour Sudman and Brian Wansink},
	title = {Asking Questions: The Definitive Guide to Questionnaire Design},
	publisher = {Jossey-Bass},
	year = {2004},
}

@misc{Zheng2017a,
	author = {Xudong Zheng},
	title = {Phishing with Unicode Domains},
	month = {4},
	year = {2017},
	url = {https://www.xudongz.com/blog/2017/idn-phishing/},
	urldate = {2017-05-04},
}

@article{Victors2017a,
	author = {Jesse Victors and Ming Li and Xinwen Fu},
	title = {The Onion Name System},
	journal = {PoPETS},
	volume = {2017},
	number = {1},
	year = {2017},
	url = {https://www.degruyter.com/downloadpdf/j/popets.2017.2017.issue-1/popets-2017-0003/popets-2017-0003.pdf},
}

@article{Collins2003a,
	author = {Debbie Collins},
	title = {Pretesting Survey Instruments: An Overview of Cognitive Methods},
	journal = {Quality of Life Research},
	volume = {12},
	number = {3},
	year = {2003},
	url = {https://link.springer.com/content/pdf/10.1023%2FA%3A1023254226592.pdf},
}

@online{Mathewson2013a,
	author = {Nick Mathewson},
	title = {Next-Generation Hidden Services in {Tor}},
	year = {2013},
	url = {https://gitweb.torproject.org/torspec.git/tree/proposals/224-rend-spec-ng.txt},
	urldate = {2017-04-27},
}

@inproceedings{Fifield2015a,
	author = {David Fifield and Linda N. Lee and Serge Egelman and David Wagner},
	title = {Tor's Usability for Censorship Circumvention},
	booktitle = {HotPETS},
	url = {https://petsymposium.org/2015/papers/fifield-tor-censorship-usability-hotpets2015.pdf},
}

@inproceedings{Clark2007a,
	author = {Jeremy Clark and Paul C. Van Oorschot and Carlisle Adams},
	title = {Usability of Anonymous Web Browsing: An Examination of {Tor} Interfaces and Deployability},
	booktitle = {SOUPS},
	publisher = {\textsc{acm}},
	year = {2007},
	url = {https://www.freehaven.net/anonbib/cache/tor-soups07.pdf},
}

@inproceedings{Norcie2014a,
	author = {Greg Norcie and Jim Blythe and Kelly Caine and L. Jean Camp},
	title = {Why {Johnny} Can't Blow the Whistle: Identifying and Reducing Usability Issues in Anonymity Systems},
	booktitle = {USEC},
	publisher = {Internet Society},
	year = {2014},
	url = {https://www.freehaven.net/anonbib/cache/usableTor.pdf},
}

@inproceedings{Winter2016a,
	author = {Philipp Winter and Roya Ensafi and Karsten Loesing and Nick Feamster},
	title = {Identifying and characterizing {Sybils} in the {Tor} network},
	booktitle = {USENIX Security},
	publisher = {\textsc{usenix}},
	year = {2016},
	url = {https://nymity.ch/sybilhunting/pdf/sybilhunting-sec16.pdf},
}

@inproceedings{Dingledine2004a,
	author = {Roger Dingledine and Nick Mathewson and Paul Syverson},
	title = {{Tor}: The Second-Generation Onion Router},
	booktitle = {USENIX Security},
	publisher = {\textsc{usenix}},
	year = {2004},
	url = {https://svn.torproject.org/svn/projects/design-paper/tor-design.pdf}, 
}

@inproceedings{Bonneau2014a,
	author = {Joseph Bonneau and Stuart Schechter},
	title = {Towards Reliable Storage of 56-bit Secrets in Human Memory},
	booktitle = {USENIX Security},
	publisher = {\textsc{usenix}},
	year = {2014},
	url = {https://www.usenix.org/system/files/conference/usenixsecurity14/sec14-paper-bonneau.pdf},
}

@online{Freenet,
	author = {{The Freenet Project}},
	title = {Documentation},
	url = {https://freenetproject.org/pages/documentation.html},
	urldate = {2017-04-28},
}

@inproceedings{Perrig1999a,
	author = {Adrian Perrig and Dawn Song},
	title = {Hash Visualization: a New Technique to improve Real-World Security},
	booktitle = {Cryptographic Techniques and E-Commerce},
	year = {1999},
	url = {https://people.eecs.berkeley.edu/~dawnsong/papers/randomart.pdf},
}

@inproceedings{Dhamija2005a,
	author = {Rachna Dhamija and J. D. Tygar},
	title = {The Battle Against Phishing: Dynamic Security Skins},
	booktitle = {SOUPS},
	publisher = {\textsc{acm}},
	year = {2005},
	url = {https://people.eecs.berkeley.edu/~tygar/papers/Phishing/Battle_against_phishing.pdf},
}

@inproceedings{Downs2006a,
	author = {Julie S. Downs and Mandy B. Holbrook and Lorrie Faith Cranor},
	title = {Decision Strategies and Susceptibility to Phishing},
	booktitle = {SOUPS},
	publisher = {\textsc{acm}},
	year = {2006},
	url = {https://cups.cs.cmu.edu/soups/2006/proceedings/p79_downs.pdf},
}

@inproceedings{Sheng2010a,
	author = {Steve Sheng and Mandy Holbrook and Ponnurangam Kumaraguru and Lorrie Cranor and Julie Downs},
	title = {Who Falls for Phish? A Demographic Analysis of Phishing Susceptibility and Effectiveness of Interventions},
	booktitle = {CHI},
	publisher = {\textsc{acm}},
	year = {2010},
	url = {http://www.umiacs.umd.edu/~tdumitra/courses/ENEE759D/Fall13/papers/Sheng10.pdf},
}

@misc{Griffith2017a,
	author = {Virgil Griffith and Yang Xu and Carlo Ratti},
	title = {Graph Theoretic Properties of the Darkweb},
	year = {2017},
	eprint = {1704.07525v2},
	eprinttype = {arxiv},
	eprintclass = {cs.CR},
}

@online{tor2web,
	author = {{\textsc{HERMES} Center for Transparency and Digital Human Rights}},
	title = {{Tor2web}: Browse the {Tor} Onion Services},
	year = {2017},
	url = {https://tor2web.org},
	urldate = {2017-05-03},
}

@online{scallion,
	author = {Eric Swanson},
	title = {Scallion: {GPU}-based Onion Hash generator},
	url = {https://github.com/lachesis/scallion},
	urldate = {2017-05-05},
}

@article{Berinsky2014a,
	author = {Adam J. Berinsky and Michele F. Margolis and Michael W. Sances},
	title = {Separating the Shirkers from the Workers? Making Sure Respondents Pay Attention on Self-Administered Surveys},
	journal = {American Journal of Political Science},
	volume = {58},
	number = {3},
	year = {2014},
	url = {http://web.mit.edu/berinsky/www/files/shirkers1.pdf},
}

@online{facebook,
	author = {Alec Muffett},
	title = {Making Connections to {Facebook} more Secure},
	year = {2014},
	month = {10},
	url = {https://www.facebook.com/notes/protect-the-graph/making-connections-to-facebook-more-secure/1526085754298237/},
	urldate = {2017-05-15},
}

@online{rfc7686,
	author = {Jacob Appelbaum and Alec Muffett},
	title = {The ``.onion'' Special-Use Domain Name},
	month = {10},
	year = {2015},
	url = {https://tools.ietf.org/html/rfc7686},
	urldate = {2017-05-15},
}

@online{facebook-users,
	author = {Alec Muffett},
	title = {1 Million People use {Facebook} over {Tor}},
	month = {4},
	year = {2016},
	url = {https://www.facebook.com/notes/facebook-over-tor/1-million-people-use-facebook-over-tor/865624066877648/},
	urldate = {2017-05-15},
}

@inproceedings{Forte2017a,
	author = {Andrea Forte and Nazanin Andalibi and Rachel Greenstadt},
	title = {Privacy, Anonymity, and Perceived Risk in Open Collaboration: A Study of {Tor} Users and {Wikipedians}},
	booktitle = {CSCW},
	publisher = {\textsc{acm}},
	year = {2017},
	url = {http://andreaforte.net/ForteCSCW17-Anonymity.pdf},
}

@online{ricochet,
	author = {John Brooks},
	title = {{Ricochet}},
	url = {https://ricochet.im},
	urldate = {2017-05-15},
}

@online{onionshare,
	author = {Micah Lee},
	title = {{OnionShare}},
	url = {https://onionshare.org},
	urldate = {2017-05-15},
}

@article{Lee2017a,
	author = {Linda Lee and David Fifield and Nathan Malkin and Ganesh Iyer and Serge Egelman and David Wagner},
	title = {A Usability Evaluation of {Tor} Launcher},
	journal = {PoPETS},
	volume = {2017},
	number = {3},
	year = {2017},
	url = {https://petsymposium.org/2017/papers/issue3/paper2-2017-3-source.pdf},
}

@inproceedings{Gallagher2017a,
	author = {Kevin Gallagher and Sameer Patil and Nasir Memon},
	title = {New Me: Understanding Expert and Non-Expert Perceptions and Usage of the {Tor} Anonymity Network},
	booktitle = {SOUPS},
	publisher = {\textsc{acm}},
	year = {2017},
	url = {https://www.usenix.org/system/files/conference/soups2017/soups2017-gallagher.pdf},
}

@misc{Monteiro2016a,
	author = {Chris Monteiro},
	title = {Intercepting drug deals, charity and onionland},
	month = {10},
	year = {2016},
	url = {https://pirate.london/intercepting-drug-deals-charity-and-onionland-a2f9bb306b04},
	urldate = {2017-10-23},
}

@book{Seidman2012a,
	author = {Irving Seidman},
	title = {Interviewing as Qualitative Research},
	publisher = {Teachers College Press},
	edition = {Third edition},
	year = {2005},
}

@online{Winter2017a,
	author = {Philipp Winter},
	title = {Take Part in a Study to Help Improve Onion Services},
	url = {https://blog.torproject.org/take-part-study-help-improve-onion-services},
	urldate = {2017-10-25},
}

@online{Syverson2005a,
	author = {Paul Syverson},
	title = {Onion Routing: Brief Selected History},
	year = {2005},
	url = {https://www.onion-router.net/History.html},
	urldate = {2017-10-30},
}

@inproceedings{Khattak2016a,
	author = {Sheharbano Khattak and David Fifield and Sadia Afroz and Mobin Javed and Srikanth Sundaresan and Vern Paxson and Steven J. Murdoch and Damon McCoy},
	title = {Do You See What I See?  Differential Treatment of Anonymous Users},
	booktitle = {NDSS},
	publisher = {Internet Society},
	year = {2016},
	url = {http://www.icir.org/vern/papers/tor-differential.NDSS16.pdf},
}

@online{Kadianakis2016a,
	author = {George Kadianakis and Yawning Angel and David Goulet},
	title = {A Name System {API} for {Tor} Onion Services},
	year = {2016},
	url = {https://gitweb.torproject.org/torspec.git/tree/proposals/279-naming-layer-api.txt},
	urldate = {2017-11-07},
}

@online{Schanzenbach2012a,
	author = {Martin Schanzenbach},
	title = {The {GNU} Name System},
	year = {2012},
	url = {https://gnunet.org/gns},
	urldate = {2017-11-07},
}

@online{Perry2017a,
	author = {Mike Perry and Erinn Clark and Steven Murdoch and Georg Koppen},
	title = {The Design and Implementation of the Tor Browser},
	year = {2017},
	month = {3},
	url = {https://www.torproject.org/projects/torbrowser/design/},
	note = {Draft document},
}

@online{Nurmi2015a,
	author = {Juha Nurmi},
	title = {Warning: 255 fake and booby trapped onion sites},
	year = {2015},
	month = {6},
	url = {https://lists.torproject.org/pipermail/tor-talk/2015-June/038295.html},
	urldate = {2017-12-05},
}

@online{DigiCert2015a,
	author = {DigiCert},
	title = {Ordering a .Onion Certificate from {DigiCert}},
	year = {2015},
	month = {12},
	url = {https://www.digicert.com/blog/ordering-a-onion-certificate-from-digicert/},
	urldate = {2017-12-05},
}

@inproceedings{Abu-Salma2017a,
	author = {Ruba Abu-Salma and Anastasia Danilova and M. Angela Sasse and Alena Naiakshina and Joseph Bonneau and Matthew Smith},
	title = {Obstacles to the Adoption of Secure Communication Tools},
	booktitle = {Security \& Privacy},
	publisher = {\textsc{ieee}},
	year = {2017},
	url = {https://www.ieee-security.org/TC/SP2017/papers/84.pdf},
}
